@book{surface_tension,
	author = {А. Б. КРЫЛОВ},
	title = {ПОВЕРХНОСТНОЕ НАТЯЖЕНИЕ
	И СВЯЗАННЫЕ С НИМ ЯВЛЕНИЯ
	Учебно-методическое пособие},
	date = {2008},
	pages = {4},
}

@misc{laplace,
	title = {"7.3. Явления на границе раздела газа, жидкости и твердого тела | Физическая термодинамика | МГТУ им. Н.Э. Баумана. Кафедра физики [Электронный ресурс]"},
	date = {"21.10.2024"},
	language = {russian},
	howpublished = {"Режим доступа: \url{http://fn.bmstu.ru/data-physics/library/physbook/tom2/ch7/texthtml/ch7_3_text.htm} (дата обращения: 21.10.2024)"},
}

@book{geguzin,
	author = {Я. Е. ГЕГУЗИН},
	title = {Библиотечка квант 46. Пузыри},
	date = {1985}
}

@book{boys,
	author = {Г. БОЙС},
	title = {МЫЛЬНЫЕ ПУЗЫРИ},
	date = {1937},
	publisher = {ЦЕНТРАЛЬНЫЙ КОМИТЕТ 
	ВСЕСОЮЗНОГО ЛЕНИНСКОГО КОММУНИСТИЧЕСКОГО СОЮЗА МОЛОДЕЖИ 
	ИЗДАТЕЛЬСТВО ДЕТСКОЙ ЛИТЕРАТУРЫ},
	location = {ЛЕНИНГРАД}
}

@book{rogers,
	author = {Д. Роджерс},
	title = {Алгоритмические основы машинной графики},
	date = {1989},
	publisher = {Мир},
	location = {Москва}
}

